@book{burden2017an√°lisis,
  title={Analisis numerico},
  author={Burden, Richard L y otros},
  year={2017}
}